@MISC{Harrer2019-rl,
  title  = "Doing {Meta-Analysis} in {R}",
  author = "Harrer, Mathias and Cuijpers, Pim and Ebert, David",
  month  =  jan,
  year   =  2019,
  doi    = "10.5281/zenodo.2551803"
}

@ARTICLE{Cheung2019-po,
  title    = "A Guide to Conducting a {Meta-Analysis} with {Non-Independent}
              Effect Sizes",
  author   = "Cheung, Mike W-L",
  journal  = "Neuropsychol. Rev.",
  volume   =  29,
  number   =  4,
  pages    = "387-396",
  month    =  dec,
  year     =  2019,
  language = "en",
  issn     = "1040-7308, 1573-6660",
  pmid     = "31446547",
  doi      = "10.1007/s11065-019-09415-6",
  pmc      = "PMC6892772"
}

@ARTICLE{Cheung2014-fg,
  title     = "Modeling dependent effect sizes with three-level meta-analyses:
               a structural equation modeling approach",
  author    = "Cheung, Mike W-L",
  journal   = "Psychol. Methods",
  publisher = "psycnet.apa.org",
  volume    =  19,
  number    =  2,
  pages     = "211-229",
  month     =  jun,
  year      =  2014,
  language  = "en",
  issn      = "1082-989X, 1939-1463",
  pmid      = "23834422",
  doi       = "10.1037/a0032968"
}

@BOOK{Cheung2015-bw,
  title     = "{Meta-Analysis}: A Structural Equation Modeling Approach",
  author    = "Cheung, Mike W-L",
  publisher = "John Wiley \& Sons",
  month     =  may,
  year      =  2015,
  language  = "en",
  isbn      = "9781119993438"
}

@BOOK{Harrer2021-bz,
  title     = "Doing {Meta-Analysis} with R: A {Hands-On} Guide",
  author    = "Harrer, Mathias and Cuijpers, Pim and Furukawa, Toshi A and
               Ebert, David D",
  publisher = "CRC Press",
  year      =  2021,
  language  = "en",
  isbn      = "9780367610074"
}

@MISC{Viechtbauer2010-xz,
  title   = "Conducting meta-analyses in {R} with the {metafor} package",
  author  = "Viechtbauer, Wolfgang",
  journal = "Journal of Statistical Software",
  volume  =  36,
  number  =  3,
  pages   = "1-48",
  year    =  2010,
  doi     = "10.18637/jss.v036.i03"
}

@BOOK{Cohen1988-ad,
  title     = "Statistical Power Analysis for the Behavioral Sciences",
  author    = "Cohen, Jacob",
  publisher = "Routledge",
  edition   =  2,
  year      =  1988,
  isbn      = "9780203771587",
  doi       = "10.4324/9780203771587"
}

@ARTICLE{Hedges1981-za,
  title     = "Distribution Theory for Glass's Estimator of Effect size and
               Related Estimators",
  author    = "Hedges, L V",
  journal   = "J. Educ. Behav. Stat.",
  publisher = "American Educational Research Association",
  volume    =  6,
  number    =  2,
  pages     = "107-128",
  month     =  jun,
  year      =  1981,
  issn      = "1076-9986",
  doi       = "10.3102/10769986006002107"
}

@ARTICLE{Lakens2013-eq,
  title     = "Calculating and reporting effect sizes to facilitate cumulative
               science: a practical primer for t-tests and {ANOVAs}",
  author    = "Lakens, Dani{\"e}l",
  journal   = "Front. Psychol.",
  publisher = "frontiersin.org",
  volume    =  4,
  pages     = "863",
  month     =  nov,
  year      =  2013,
  language  = "en",
  issn      = "1664-1078",
  pmid      = "24324449",
  doi       = "10.3389/fpsyg.2013.00863",
  pmc       = "PMC3840331"
}

@MISC{Borenstein2009-mo,
  title  = "Introduction to {Meta-Analysis}",
  author = "Borenstein, Michael and Hedges, Larry V and Higgins, Julian P T and
            Rothstein, Hannah R",
  year   =  2009,
  doi    = "10.1002/9780470743386"
}

@ARTICLE{Lipsey2001-vp,
  title     = "Practical meta-analysis",
  author    = "Lipsey, Mark W and Wilson, David B",
  journal   = "Applied social research methods series; vol 49.",
  publisher = "SAGE publications, Inc",
  volume    =  247,
  year      =  2001
}

@MISC{r-lang,
  title       = "R: A Language and Environment for Statistical Computing",
  author      = "{R Core Team}",
  institution = "R Foundation for Statistical Computing",
  year        =  2022,
  address     = "Vienna, Austria"
}

@ARTICLE{Higgins2002-fh,
  title    = "Quantifying heterogeneity in a meta-analysis",
  author   = "Higgins, Julian P T and Thompson, Simon G",
  journal  = "Stat. Med.",
  volume   =  21,
  number   =  11,
  pages    = "1539-1558",
  month    =  jun,
  year     =  2002,
  language = "en",
  issn     = "0277-6715",
  pmid     = "12111919",
  doi      = "10.1002/sim.1186"
}

@INCOLLECTION{Gentle2009-cj,
  title     = "Monte Carlo Methods for Statistical Inference",
  booktitle = "Computational Statistics",
  author    = "Gentle, James E",
  editor    = "Gentle, James E",
  publisher = "Springer New York",
  pages     = "417-433",
  year      =  2009,
  address   = "New York, NY",
  isbn      = "9780387981444",
  doi       = "10.1007/978-0-387-98144-4\_11"
}

@ARTICLE{DeBruine2021-id,
  title     = "Understanding {Mixed-Effects} Models Through Data Simulation",
  author    = "DeBruine, Lisa M and Barr, Dale J",
  journal   = "Advances in Methods and Practices in Psychological Science",
  publisher = "SAGE Publications Inc",
  volume    =  4,
  number    =  1,
  pages     = "2515245920965119",
  month     =  jan,
  year      =  2021,
  issn      = "2515-2459",
  doi       = "10.1177/2515245920965119"
}

@ARTICLE{Jackson2017-dv,
  title     = "Power analysis for random-effects meta-analysis",
  author    = "Jackson, Dan and Turner, Rebecca",
  journal   = "Res. Synth. Methods",
  publisher = "Wiley Online Library",
  volume    =  8,
  number    =  3,
  pages     = "290-302",
  month     =  sep,
  year      =  2017,
  language  = "en",
  issn      = "1759-2879, 1759-2887",
  pmid      = "28378395",
  doi       = "10.1002/jrsm.1240",
  pmc       = "PMC5590730"
}

@ARTICLE{Lopez-Lopez2014-it,
  title     = "Estimation of the predictive power of the model in mixed-effects
               meta-regression: A simulation study",
  author    = "L{\'o}pez-L{\'o}pez, Jos{\'e} Antonio and
               Mar{\'\i}n-Mart{\'\i}nez, Fulgencio and S{\'a}nchez-Meca, Julio
               and Van den Noortgate, Wim and Viechtbauer, Wolfgang",
  journal   = "Br. J. Math. Stat. Psychol.",
  publisher = "Wiley",
  volume    =  67,
  number    =  1,
  pages     = "30-48",
  month     =  feb,
  year      =  2014,
  language  = "en",
  issn      = "0007-1102, 2044-8317",
  pmid      = "23297709",
  doi       = "10.1111/bmsp.12002"
}

@BOOK{Schmid2022-xe,
  title     = "Handbook of {Meta-Analysis}",
  author    = "Schmid, Christopher H and Stijnen, Theo and White, Ian R",
  publisher = "Taylor \& Francis Limited",
  month     =  mar,
  year      =  2022,
  language  = "en",
  isbn      = "9780367539689"
}

@INPROCEEDINGS{Ingalls2011-xt,
  title     = "Introduction to simulation",
  booktitle = "Proceedings of the 2011 Winter Simulation Conference ({WSC})",
  author    = "Ingalls, Ricki G",
  publisher = "ieeexplore.ieee.org",
  pages     = "1374-1388",
  month     =  dec,
  year      =  2011,
  issn      = "1558-4305",
  doi       = "10.1109/WSC.2011.6147858"
}

@BOOK{Gelman2020-tg,
  title     = "Regression and Other Stories",
  author    = "Gelman, Andrew and Hill, Jennifer and Vehtari, Aki",
  publisher = "Cambridge University Press",
  month     =  jul,
  year      =  2020,
  isbn      = "9781139161879",
  doi       = "10.1017/9781139161879"
}

@BOOK{Gelman2006-pc,
  title     = "Data Analysis Using Regression and {Multilevel/Hierarchical}
               Models",
  author    = "Gelman, Andrew and Hill, Jennifer",
  publisher = "Cambridge University Press",
  month     =  dec,
  year      =  2006,
  isbn      = "9780511790942",
  doi       = "10.1017/CBO9780511790942"
}

@ARTICLE{Schad2020-ht,
  title   = "How to capitalize on a priori contrasts in linear (mixed) models:
             A tutorial",
  author  = "Schad, Daniel J and Vasishth, Shravan and Hohenstein, Sven and
             Kliegl, Reinhold",
  journal = "J. Mem. Lang.",
  volume  =  110,
  pages   = "104038",
  month   =  feb,
  year    =  2020,
  issn    = "0749-596X",
  doi     = "10.1016/j.jml.2019.104038"
}